@article{Kendall1940,
author = {Kendall, M. G. and Smith, B. Babington},
file = {:Users/matthewjdenny/Dropbox/Papers/Kendall, Smith{\_}1940{\_}On the Method of Paired Comparisons.pdf:pdf},
journal = {Biometrika},
number = {3/4},
pages = {324--345},
title = {{On the Method of Paired Comparisons}},
url = {http://www.jstor.org/stable/2332613},
volume = {31},
year = {1940}
}

@misc{mann1986sources,
  title={The Sources of Social Power, vol. 1, A history of power from the beginning to AD 1760},
  author={Mann, Michael},
  year={1986},
  publisher={Cambridge, Cambridge University Press}
}

@article{white2007catnets,
  title={Catnets},
  author={White, Harrison},
  journal={Contemporary Sociological Theory, edited by Craig Calhoun, Joseph Gerteis, James Moody, Steven Pfaff, and Indermohan Virk},
  pages={171--181},
  year={2007},
  publisher={Malden MA, Blackwell Publishing}
}

@article{schroeder2007mann,
  title={Michael Mann},
  author={Schroeder, Ralph},
  journal={Key Sociological Thinkers, edited by Rob Stones},
  pages={338--354},
  year={2007},
  publisher={New York City, Palgrave Macmillan}
}

@article{granovetter2007economic,
  title={{Economic Embeddedness [1985]}},
  author={Granovetter, Mark},
  journal={Contemporary Sociological Theory, edited by Craig Calhoun, Joseph Gerteis, James Moody, Steven Pfaff, and Indermohan Virk},
  pages={162--170},
  year={2007},
  publisher={Malden MA, Blackwell Publishing}
}

@book{kluver2000dynamics,
  title={The dynamics and evolution of social systems: new foundations of a mathematical sociology},
  author={Kl{\"u}ver, J{\"u}rgen},
  volume={29},
  year={2000},
  publisher={Springer Science \& Business Media}
}

@article{smith2005networks,
  title={Networks and Economic life},
  author={Smith-Doerr, Laurel and Powell, Walter W},
  journal={The Handbook of Economic Sociology},
  volume={2},
  pages={379--402},
  year={2005},
  publisher={Princeton, NJ: Princeton University Press}
}

@article{granovetter1973strength,
  title={The Strength of Weak Ties},
  author={Granovetter, Mark S},
  journal={American Journal of Sociology},
  pages={1360--1380},
  year={1973}
}

@article{mizruchi1996interlocks,
  title={What Do Interlocks Do? An Analysis, Critique, and Assessment of Research on Interlocking Directorates},
  author={Mizruchi, Mark S},
  journal={Annual Review of Sociology},
  pages={271--298},
  year={1996}
}

@article{bonacich1987power,
  title={Power and Centrality: A Family of Measures},
  author={Bonacich, Phillip},
  journal={American Journal of Sociology},
  pages={1170--1182},
  year={1987}
}

@article{an2015multilevel,
  title={Multilevel meta network analysis with application to studying network dynamics of network interventions},
  author={An, Weihua},
  journal={Social Networks},
  volume={43},
  pages={48--56},
  year={2015},
  publisher={Elsevier}
}

@article{bonacich1972factoring,
  title={Factoring and weighting approaches to status scores and clique identification},
  author={Bonacich, Phillip},
  journal={Journal of Mathematical Sociology},
  volume={2},
  number={1},
  pages={113--120},
  year={1972},
  publisher={Taylor \& Francis}
}
@article{freeman1977set,
  title={A set of measures of centrality based on betweenness},
  author={Freeman, Linton C},
  journal={Sociometry},
  pages={35--41},
  year={1977},
  publisher={JSTOR}
}
@article{landau1951dominance,
  title={On dominance relations and the structure of animal societies: I. Effect of inherent characteristics},
  author={Landau, Hyman G},
  journal={The bulletin of mathematical biophysics},
  volume={13},
  number={1},
  pages={1--19},
  year={1951},
  publisher={Springer}
}
@article{yitzhaki1979relative,
  title={Relative deprivation and the Gini coefficient},
  author={Yitzhaki, Shlomo},
  journal={The quarterly journal of economics},
  pages={321--324},
  year={1979},
  publisher={JSTOR}
}